<?xml version="1.0" encoding="UTF-8"?><collection xmlns="http://www.loc.gov/MARC21/slim"><record><leader>00446nam--2200133-i-4500</leader><controlfield tag="001">000002009</controlfield><controlfield tag="002">20161230</controlfield><controlfield tag="005">20161230201024</controlfield><controlfield tag="008">060222s1000------------r-----000-0-eng-d</controlfield><datafield ind1=" " ind2=" " tag="100"><subfield code="a">Goldstine,H.,Neumann,J</subfield></datafield><datafield ind1=" " ind2=" " tag="245"><subfield code="a">Planning and coding of problems for an electronic computing instrument.report on the mathematical and logical aspects of an.</subfield></datafield><datafield ind1=" " ind2=" " tag="260"><subfield code="a">Princeton, New Jersey, 1948. 23 P</subfield></datafield><datafield ind1=" " ind2=" " tag="490"><subfield code="a">Institute For Advances Study</subfield></datafield><datafield ind1=" " ind2=" " tag="852"><subfield code="a">12403</subfield></datafield></record></collection>